# The MIT License (MIT)
#
# Copyright (c) 2020-2021 Yegor Bugayenko
#
# Permission is hereby granted, free of charge, to any person obtaining a copy
# of this software and associated documentation files (the "Software"), to deal
# in the Software without restriction, including without limitation the rights
# to use, copy, modify, merge, publish, distribute, sublicense, and/or sell
# copies of the Software, and to permit persons to whom the Software is
# furnished to do so, subject to the following conditions:
#
# The above copyright notice and this permission notice shall be included
# in all copies or substantial portions of the Software.
#
# THE SOFTWARE IS PROVIDED "AS IS", WITHOUT WARRANTY OF ANY KIND, EXPRESS OR
# IMPLIED, INCLUDING BUT NOT LIMITED TO THE WARRANTIES OF MERCHANTABILITY,
# FITNESS FOR A PARTICULAR PURPOSE AND NON-INFRINGEMENT. IN NO EVENT SHALL THE
# AUTHORS OR COPYRIGHT HOLDERS BE LIABLE FOR ANY CLAIM, DAMAGES OR OTHER
# LIABILITY, WHETHER IN AN ACTION OF CONTRACT, TORT OR OTHERWISE, ARISING FROM,
# OUT OF OR IN CONNECTION WITH THE SOFTWARE OR THE USE OR OTHER DEALINGS IN THE
# SOFTWARE.

@book{grady2007object,
  title={Object-Oriented Analysis and Design with Applications},
  author={Booch, Grady and Maksimchuk, Robert A and Engle, Michael and Young, Bobbi and Conallen, Jim and Houston, Kelli},
  year=2007,
  edition={3rd},
  publisher={Addison-Wesley Professional}
}

@book{jech2013set,
  title={Set Theory},
  author={Jech, Thomas},
  year=2013,
  publisher={Springer Science \& Business Media}
}

@article{landin1966next,
  title={The Next 700 Programming Languages},
  author={Landin, Peter J},
  journal={Communications of the ACM},
  volume=9,
  number=3,
  year=1966
}

@book{lutz2013learning,
  title={Learning Python: Powerful Object-Oriented Programming},
  author={Lutz, Mark},
  year=2013,
  publisher={O'Reilly Media}
}

